%%%%%%%%%%%%%%%%%%%%%%%%%%%%%%%%%%%%%%%%%%%%%%%%%%%%%%%%%%
%%%%%%%%%%%%%%%%%%% Adicionar aqui as referencias %%%%%%%%
%%%%%%%%%%%%%%%%%%%%%%%%%%%%%%%%%%%%%%%%%%%%%%%%%%%%%%%%%%
@book{ref1,
  author    = {Shashank Mohan Jain},
  title     = {{Linux Containers and Virtualization - A kernel perspective}},
  publisher  = {{Independently published}},
  year      = {2019},
  edition   = {3},
  isbn      = {....},
}

@book{ref2,
  author    = {Martin Fowler},
  title     = {{Patterns of Enterprise Application Architecture}},
  publisher  = {{Addison-Wesley Educational Publishers Inc}},
  year      = {2002},
  edition   = {1},
  isbn      = {....},
}









